@article{deformable,
  title={A combined deep-learning and deformable-model approach to fully automatic segmentation of the left ventricle in cardiac MRI},
  author={Avendi, Michael R and Kheradvar, Arash and Jafarkhani, Hamid},
  journal={Medical image analysis},
  volume={30},
  pages={108--119},
  year={2016},
  publisher={Elsevier}
}

@article{acetabular,
  title={Three-dimensional computed tomography of acetabular fractures.},
  author={Burk Jr, DL and Mears, DC and Kennedy, WH and Cooperstein, LA and Herbert, DL},
  journal={Radiology},
  volume={155},
  number={1},
  pages={183--186},
  year={1985}
}

@article{deep_review,
  title={Deep learning for cardiac image segmentation: a review},
  author={Chen, Chen and Qin, Chen and Qiu, Huaqi and Tarroni, Giacomo and Duan, Jinming and Bai, Wenjia and Rueckert, Daniel},
  journal={Frontiers in Cardiovascular Medicine},
  volume={7},
  pages={25},
  year={2020},
  publisher={Frontiers Media SA}
}

@article{angiography,
  title={Coronary artery segmentation in cardiac CT angiography using 3D multi-channel U-net},
  author={Chen, Yo-Chuan and Lin, Yi-Chen and Wang, Ching-Ping and Lee, Chia-Yen and Lee, Wen-Jeng and Wang, Tzung-Dau and Chen, Chung-Ming},
  journal={arXiv preprint arXiv:1907.12246},
  year={2019}
}

@article{dicom,
  title={Free DICOM browsers},
  author={Varma, Dandu Ravi},
  journal={The Indian Journal of Radiology \& Imaging},
  volume={18},
  number={1},
  pages={12},
  year={2008},
  publisher={Thieme Medical Publishers}
}

@inproceedings{isosurface,
  title={Isosurface extraction techniques for web-based volume visualization},
  author={Engel, Klaus and Westermann, R{\"u}diger and Ertl, Thomas},
  booktitle={Proceedings Visualization'99 (Cat. No. 99CB37067)},
  pages={139--519},
  year={1999},
  organization={IEEE}
}

@inproceedings{whole_heart,
  title={Whole heart segmentation from CT images using 3D U-net architecture},
  author={Habijan, Marija and Leventi{\'c}, Hrvoje and Gali{\'c}, Irena and Babin, Danilo},
  booktitle={2019 International Conference on Systems, Signals and Image Processing (IWSSIP)},
  pages={121--126},
  year={2019},
  organization={IEEE}
}

@article{craniofacial,
  title={Three-dimensional reconstruction of craniofacial deformity using computed tomography},
  author={Hemmy, David C and David, DJ and Herman, Gabor T},
  journal={Neurosurgery},
  volume={13},
  number={5},
  pages={534--541},
  year={1983},
  publisher={LWW}
}

@inproceedings{transparent,
  title={Optimization of mesh locality for transparent vertex caching},
  author={Hoppe, Hugues},
  booktitle={Proceedings of the 26th annual conference on Computer graphics and interactive techniques},
  pages={269--276},
  year={1999}
}

@inproceedings{liver,
  title={Evaluation of preprocessing techniques for U-Net based automated liver segmentation},
  author={Islam, Muhammad and Khan, Kaleem Nawaz and Khan, Muhammad Salman},
  booktitle={2021 International Conference on Artificial Intelligence (ICAI)},
  pages={187--192},
  year={2021},
  organization={IEEE}
}

@article{karimi2020fully,
  title={Fully-automated deep-learning segmentation of pediatric cardiovascular magnetic resonance of patients with complex congenital heart diseases},
  author={Karimi-Bidhendi, Saeed and Arafati, Arghavan and Cheng, Andrew L and Wu, Yilei and Kheradvar, Arash and Jafarkhani, Hamid},
  journal={Journal of cardiovascular magnetic resonance},
  volume={22},
  number={1},
  pages={80},
  year={2020},
  publisher={Springer}
}

@article{keppel1975approximating,
  title={Approximating complex surfaces by triangulation of contour lines},
  author={Keppel, Eric},
  journal={IBM Journal of research and development},
  volume={19},
  number={1},
  pages={2--11},
  year={1975},
  publisher={IBM}
}

@article{DenseNets,
  title={Fully convolutional multi-scale residual DenseNets for cardiac segmentation and automated cardiac diagnosis using ensemble of classifiers},
  author={Khened, Mahendra and Kollerathu, Varghese Alex and Krishnamurthi, Ganapathy},
  journal={Medical image analysis},
  volume={51},
  pages={21--45},
  year={2019},
  publisher={Elsevier}
}

@article{knapp2002mesh,
  title={Mesh decimation using VTK},
  author={Knapp, Michael},
  journal={Institute of Computer Graphics and Algorithms, Vienna University of Technology},
  year={2002}
}

@article{retrieval,
  title={Large-scale retrieval for medical image analytics: A comprehensive review},
  author={Li, Zhongyu and Zhang, Xiaofan and M{\"u}ller, Henning and Zhang, Shaoting},
  journal={Medical image analysis},
  volume={43},
  pages={66--84},
  year={2018},
  publisher={Elsevier}
}

@inproceedings{long2015fully,
  title={Fully convolutional networks for semantic segmentation},
  author={Long, Jonathan and Shelhamer, Evan and Darrell, Trevor},
  booktitle={Proceedings of the IEEE conference on computer vision and pattern recognition},
  pages={3431--3440},
  year={2015}
}

@incollection{loren,
  title={Marching cubes: A high resolution 3D surface construction algorithm},
  author={Lorensen, William E and Cline, Harvey E},
  booktitle={Seminal graphics: pioneering efforts that shaped the field},
  pages={347--353},
  year={1998}
}

@article{prevent,
  title={Preventing heart disease in the 21st century: implications of the Pathobiological Determinants of Atherosclerosis in Youth (PDAY) study},
  author={McGill Jr, Henry C and McMahan, C Alex and Gidding, Samuel S},
  journal={Circulation},
  volume={117},
  number={9},
  pages={1216--1227},
  year={2008},
  publisher={Am Heart Assoc}
}

@article{quantification,
  title={Quantification of left ventricular indices from SSFP cine imaging: impact of real-world variability in analysis methodology and utility of geometric modeling},
  author={Miller, Christopher A and Jordan, Peter and Borg, Alex and Argyle, Rachel and Clark, David and Pearce, Keith and Schmitt, Matthias},
  journal={Journal of Magnetic Resonance Imaging},
  volume={37},
  number={5},
  pages={1213--1222},
  year={2013},
  publisher={Wiley Online Library}
}

@article{nguyen2022vindr,
  title={VinDr-CXR: An open dataset of chest X-rays with radiologistâ€™s annotations},
  author={Nguyen, Ha Q and Lam, Khanh and Le, Linh T and Pham, Hieu H and Tran, Dat Q and Nguyen, Dung B and Le, Dung D and Pham, Chi M and Tong, Hang TT and Dinh, Diep H and others},
  journal={Scientific Data},
  volume={9},
  number={1},
  pages={429},
  year={2022},
  publisher={Nature Publishing Group UK London}
}

@article{nguyen2020introductory,
  title={An introductory overview of image-based computational modeling in personalized cardiovascular medicine},
  author={Nguyen, Thanh Danh and Kadri, Olufemi E and Voronov, Roman S},
  journal={Frontiers in Bioengineering and Biotechnology},
  volume={8},
  pages={529365},
  year={2020},
  publisher={Frontiers Media SA}
}

@article{attention_unet,
  title={Attention u-net: Learning where to look for the pancreas},
  author={Oktay, Ozan and Schlemper, Jo and Folgoc, Loic Le and Lee, Matthew and Heinrich, Mattias and Misawa, Kazunari and Mori, Kensaku and McDonagh, Steven and Hammerla, Nils Y and Kainz, Bernhard and others},
  journal={arXiv preprint arXiv:1804.03999},
  year={2018}
}

@article{contour,
  title={Cardiac segmentation on CT Images through shape-aware contour attentions},
  author={Park, Sanguk and Chung, Minyoung},
  journal={Computers in Biology and Medicine},
  volume={147},
  pages={105782},
  year={2022},
  publisher={Elsevier}
}

@article{right_ventricle,
  title={Right ventricle segmentation from cardiac MRI: a collation study},
  author={Petitjean, Caroline and Zuluaga, Maria A and Bai, Wenjia and Dacher, Jean-Nicolas and Grosgeorge, Damien and Caudron, J{\'e}r{\^o}me and Ruan, Su and Ayed, Ismail Ben and Cardoso, M Jorge and Chen, Hsiang-Chou and others},
  journal={Medical image analysis},
  volume={19},
  number={1},
  pages={187--202},
  year={2015},
  publisher={Elsevier}
}

@article{short_axis,
  title={Evaluation framework for algorithms segmenting short axis cardiac MRI.},
  author={Radau, Perry and Lu, Yingli and Connelly, Kim and Paul, Gideon and Dick, Alexander J and Wright, Graham A},
  journal={The MIDAS Journal},
  year={2009},
  publisher={NumFOCUS-Insight Software Consortium (ITK)}
}

@inproceedings{unet,
  title={U-net: Convolutional networks for biomedical image segmentation},
  author={Ronneberger, Olaf and Fischer, Philipp and Brox, Thomas},
  booktitle={Medical Image Computing and Computer-Assisted Intervention--MICCAI 2015: 18th International Conference, Munich, Germany, October 5-9, 2015, Proceedings, Part III 18},
  pages={234--241},
  year={2015},
  organization={Springer}
}

@article{gonzalez2020nextmed,
  title={Nextmed: automatic imaging segmentation, 3D reconstruction, and 3D model visualization platform using augmented and virtual reality},
  author={Gonz{\'a}lez Izard, Santiago and S{\'a}nchez Torres, Ramiro and Alonso Plaza, Oscar and Juanes Mendez, Juan Antonio and Garc{\'\i}a-Pe{\~n}alvo, Francisco Jos{\'e}},
  journal={Sensors},
  volume={20},
  number={10},
  pages={2962},
  year={2020},
  publisher={MDPI}
}

@article{niyas2021medical,
  title={Medical image segmentation using 3d convolutional neural networks: A review},
  author={Niyas, S and Pawan, SJ and Kumar, M Anand and Rajan, Jeny},
  journal={Neurocomputing},
  year={2021}
}

@article{shen2019coronary,
  title={Coronary arteries segmentation based on 3D FCN with attention gate and level set function},
  author={Shen, Ye and Fang, Zhijun and Gao, Yongbin and Xiong, Naixue and Zhong, Cengsi and Tang, Xianhua},
  journal={Ieee Access},
  volume={7},
  pages={42826--42835},
  year={2019},
  publisher={IEEE}
}

@inproceedings{left_ventricle,
  title={Left ventricular segmentation challenge from cardiac MRI: a collation study},
  author={Suinesiaputra, Avan and Cowan, Brett R and Finn, J Paul and Fonseca, Carissa G and Kadish, Alan H and Lee, Daniel C and Medrano-Gracia, Pau and Warfield, Simon K and Tao, Wenchao and Young, Alistair A},
  booktitle={Statistical Atlases and Computational Models of the Heart. Imaging and Modelling Challenges: Second International Workshop, STACOM 2011, Held in Conjunction with MICCAI 2011, Toronto, ON, Canada, September 22, 2011, Revised Selected Papers 2},
  pages={88--97},
  year={2012},
  organization={Springer}
}

@article{stanford,
  title={Vietnamese and Vietnamese-American health statistics, 2003-2019},
  author={Ta, Hillary and Lin, Bryant and Palaniappan, Latha},
  journal={CARE Data Brief},
  year={2020}
}

@article{tran,
  title={A fully convolutional neural network for cardiac segmentation in short-axis MRI},
  author={Tran, Phi Vu},
  journal={arXiv preprint arXiv:1604.00494},
  year={2016}
}

@article{who,
  title={World Health Organization cardiovascular disease risk charts: revised models to estimate risk in 21 global regions},
  author={Kaptoge, Stephen and Pennells, Lisa and De Bacquer, Dirk and Cooney, Marie Therese and Kavousi, Maryam and Stevens, Gretchen and Riley, Leanne Margaret and Savin, Stefan and Khan, Taskeen and Altay, Servet and others},
  journal={The Lancet global health},
  volume={7},
  number={10},
  pages={e1332--e1345},
  year={2019},
  publisher={Elsevier}
}

@article{yadav2019deep,
  title={Deep convolutional neural network based medical image classification for disease diagnosis},
  author={Yadav, Samir S and Jadhav, Shivajirao M},
  journal={Journal of Big data},
  volume={6},
  number={1},
  pages={1--18},
  year={2019},
  publisher={Springer}
}

@article{Yao2021ImageTBAD,
    author = {Yao, Zeyang and Xie, Wen and Zhang, Jiawei and Dong, Yuhao and Qiu, Hailong and Haiyun, Yuan and Jia, Qianjun and Tianchen, Wang and Shi, Yiyi and Zhuang, Jian and Que, Lifeng and Xu, Xiaowei and Huang, Meiping},
    year = {2021},
    month = {09},
    pages = {732711},
    title = {ImageTBAD: A 3D Computed Tomography Angiography Image Dataset for Automatic Segmentation of Type-B Aortic Dissection},
    volume = {12},
    journal = {Frontiers in Physiology},
    doi = {10.3389/fphys.2021.732711}
}

@inproceedings{focal,
  title={Focal loss for dense object detection},
  author={Lin, Tsung-Yi and Goyal, Priya and Girshick, Ross and He, Kaiming and Doll{\'a}r, Piotr},
  booktitle={Proceedings of the IEEE international conference on computer vision},
  pages={2980--2988},
  year={2017}
}

@inproceedings{he2015delving,
  title={Delving deep into rectifiers: Surpassing human-level performance on imagenet classification},
  author={He, Kaiming and Zhang, Xiangyu and Ren, Shaoqing and Sun, Jian},
  booktitle={Proceedings of the IEEE international conference on computer vision},
  pages={1026--1034},
  year={2015}
}

@article{lewiner,
  title={Efficient implementation of marching cubes' cases with topological guarantees},
  author={Lewiner, Thomas and Lopes, H{\'e}lio and Vieira, Ant{\^o}nio Wilson and Tavares, Geovan},
  journal={Journal of graphics tools},
  volume={8},
  number={2},
  pages={1--15},
  year={2003},
  publisher={Taylor \& Francis}
}

@inproceedings{limb,
  title={A system for limb-volume measurement using 3D models from an infrared depth sensor},
  author={Lu, Guannan and DeSouza, Guilherme N and Armer, Jane and Anderson, Blake and Shyu, Chi-Ren},
  booktitle={2013 IEEE Symposium on Computational Intelligence in Healthcare and e-health (CICARE)},
  pages={64--69},
  year={2013},
  organization={IEEE}
}

@inproceedings{intrinsic,
  title={Measuring intrinsic volumes in digital 3D images},
  author={Schladitz, Katja and Ohser, Joachim and Nagel, Werner},
  booktitle={Discrete Geometry for Computer Imagery: 13th International Conference, DGCI 2006, Szeged, Hungary, October 25-27, 2006. Proceedings 13},
  pages={247--258},
  year={2006},
  organization={Springer}
}

@inproceedings{multicore,
  title={Multicore processor: Internal structure, architecture, issues, challenges, scheduling strategies and performance},
  author={Jadon, Shruti and Yadav, Rama Shankar},
  booktitle={2016 11th International Conference on Industrial and Information Systems (ICIIS)},
  pages={381--386},
  year={2016},
  organization={IEEE}
}

@article{fenwick,
  title={A new data structure for cumulative frequency tables},
  author={Fenwick, Peter M},
  journal={Software: Practice and experience},
  volume={24},
  number={3},
  pages={327--336},
  year={1994},
  publisher={Wiley Online Library}
}