@incollection{loren,
  title={Marching cubes: A high resolution 3D surface construction algorithm},
  author={Lorensen, William E and Cline, Harvey E},
  booktitle={Seminal graphics: pioneering efforts that shaped the field},
  pages={347--353},
  year={1998}
}

@inproceedings{dual,
  title={Dual marching cubes},
  author={Nielson, Gregory M},
  booktitle={IEEE visualization 2004},
  pages={489--496},
  year={2004},
  organization={IEEE}
}

@inproceedings{intrinsic,
  title={Measuring intrinsic volumes in digital 3D images},
  author={Schladitz, Katja and Ohser, Joachim and Nagel, Werner},
  booktitle={Discrete Geometry for Computer Imagery: 13th International Conference, DGCI 2006, Szeged, Hungary, October 25-27, 2006. Proceedings 13},
  pages={247--258},
  year={2006},
  organization={Springer}
}

@article{hoffman,
  title={Shape and dimensions of cardiac chambers: importance of CT section thickness and orientation.},
  author={Hoffman, Eric A and Ritman, Erik L},
  journal={Radiology},
  volume={155},
  number={3},
  pages={739--744},
  year={1985}
}

@article{vascular,
    author = {Bao, Nguyen and Hy, Le},
    title = {Integration of Deep Learning into automatic cardiovascular volumetric dissection and reconstruction in 3D simulated space for medical practice},
    journal = {},
    year = {2024}
}

@article{fenwick,
  title={A new data structure for cumulative frequency tables},
  author={Fenwick, Peter M},
  journal={Software: Practice and experience},
  volume={24},
  number={3},
  pages={327--336},
  year={1994},
  publisher={Wiley Online Library}
}

@article{article,
    author = {Long, Zhongjie and Nagamune, Kouki},
    year = {2015},
    month = {04},
    pages = {1425-1437},
    title = {A Marching Cubes Algorithm: Application for Three-dimensional Surface Reconstruction Based on Endoscope and Optical Fiber},
    volume = {18},
    journal = {Information (Japan)}
}

@article{lewiner,
  title={Efficient implementation of marching cubes' cases with topological guarantees},
  author={Lewiner, Thomas and Lopes, H{\'e}lio and Vieira, Ant{\^o}nio Wilson and Tavares, Geovan},
  journal={Journal of graphics tools},
  volume={8},
  number={2},
  pages={1--15},
  year={2003},
  publisher={Taylor \& Francis}
}