@article{deep_review,
  title={Deep learning for cardiac image segmentation: a review},
  author={Chen, Chen and Qin, Chen and Qiu, Huaqi and Tarroni, Giacomo and Duan, Jinming and Bai, Wenjia and Rueckert, Daniel},
  journal={Frontiers in cardiovascular medicine},
  volume={7},
  pages={25},
  year={2020},
  publisher={Frontiers Media SA}
}

@article{prevent,
  title={Preventing heart disease in the 21st century: implications of the Pathobiological Determinants of Atherosclerosis in Youth (PDAY) study},
  author={McGill Jr, Henry C and McMahan, C Alex and Gidding, Samuel S},
  journal={Circulation},
  volume={117},
  number={9},
  pages={1216--1227},
  year={2008},
  publisher={Am Heart Assoc}
}

@article{contour,
  title={Cardiac segmentation on CT Images through shape-aware contour attentions},
  author={Park, Sanguk and Chung, Minyoung},
  journal={Computers in Biology and Medicine},
  volume={147},
  pages={105782},
  year={2022},
  publisher={Elsevier}
}

@article{short_axis,
  title={Evaluation framework for algorithms segmenting short axis cardiac MRI. MIDAS J},
  author={Radau, P and Lu, Y and Connelly, K and Paul, G and Dick, A and Wright, G},
  journal={Cardiac MR Left Ventricle Segmentation Challenge},
  volume={49},
  year={2009}
}

@inproceedings{left_ventricle,
  title={Left ventricular segmentation challenge from cardiac MRI: a collation study},
  author={Suinesiaputra, Avan and Cowan, Brett R and Finn, J Paul and Fonseca, Carissa G and Kadish, Alan H and Lee, Daniel C and Medrano-Gracia, Pau and Warfield, Simon K and Tao, Wenchao and Young, Alistair A},
  booktitle={Statistical Atlases and Computational Models of the Heart. Imaging and Modelling Challenges: Second International Workshop, STACOM 2011, Held in Conjunction with MICCAI 2011, Toronto, ON, Canada, September 22, 2011, Revised Selected Papers 2},
  pages={88--97},
  year={2012},
  organization={Springer}
}

@article{right_ventricle,
  title={Right ventricle segmentation from cardiac MRI: a collation study},
  author={Petitjean, Caroline and Zuluaga, Maria A and Bai, Wenjia and Dacher, Jean-Nicolas and Grosgeorge, Damien and Caudron, J{\'e}r{\^o}me and Ruan, Su and Ayed, Ismail Ben and Cardoso, M Jorge and Chen, Hsiang-Chou and others},
  journal={Medical image analysis},
  volume={19},
  number={1},
  pages={187--202},
  year={2015},
  publisher={Elsevier}
}

@article{deformable,
  title={A combined deep-learning and deformable-model approach to fully automatic segmentation of the left ventricle in cardiac MRI},
  author={Avendi, Michael R and Kheradvar, Arash and Jafarkhani, Hamid},
  journal={Medical image analysis},
  volume={30},
  pages={108--119},
  year={2016},
  publisher={Elsevier}
}

@article{consensus,
  title={A collaborative resource to build consensus for automated left ventricular segmentation of cardiac MR images},
  author={Suinesiaputra, Avan and Cowan, Brett R and Al-Agamy, Ahmed O and Elattar, Mustafa A and Ayache, Nicholas and Fahmy, Ahmed S and Khalifa, Ayman M and Medrano-Gracia, Pau and Jolly, Marie-Pierre and Kadish, Alan H and others},
  journal={Medical image analysis},
  volume={18},
  number={1},
  pages={50--62},
  year={2014},
  publisher={Elsevier}
}

@article{quantification,
  title={Quantification of left ventricular indices from SSFP cine imaging: impact of real-world variability in analysis methodology and utility of geometric modeling},
  author={Miller, Christopher A and Jordan, Peter and Borg, Alex and Argyle, Rachel and Clark, David and Pearce, Keith and Schmitt, Matthias},
  journal={Journal of Magnetic Resonance Imaging},
  volume={37},
  number={5},
  pages={1213--1222},
  year={2013},
  publisher={Wiley Online Library}
}

@article{MMWHS,
  title={Multi-scale patch and multi-modality atlases for whole heart segmentation of MRI},
  author={Zhuang, Xiahai and Shen, Juan},
  journal={Medical image analysis},
  volume={31},
  pages={77--87},
  year={2016},
  publisher={Elsevier}
}

@article{medical_image,
  title={Large-scale retrieval for medical image analytics: A comprehensive review},
  author={Li, Zhongyu and Zhang, Xiaofan and M{\"u}ller, Henning and Zhang, Shaoting},
  journal={Medical image analysis},
  volume={43},
  pages={66--84},
  year={2018},
  publisher={Elsevier}
}

@article{imagecas,
  title={Imagecas: A large-scale dataset and benchmark for coronary artery segmentation based on computed tomography angiography images},
  author={Zeng, An and Wu, Chunbiao and Lin, Guisen and Xie, Wen and Hong, Jin and Huang, Meiping and Zhuang, Jian and Bi, Shanshan and Pan, Dan and Ullah, Najeeb and others},
  journal={Computerized Medical Imaging and Graphics},
  volume={109},
  pages={102287},
  year={2023},
  publisher={Elsevier}
}

@article{imagetbad,
  title={Imagetbad: A 3d computed tomography angiography image dataset for automatic segmentation of type-b aortic dissection},
  author={Yao, Zeyang and Xie, Wen and Zhang, Jiawei and Qiu, Hailong and Yuan, Haiyun},
  journal={Frontiers in Physiology},
  volume={12},
  pages={732711},
  year={2021},
  publisher={Frontiers}
}

@article{whole_mesh,
  title={A deep-learning approach for direct whole-heart mesh reconstruction},
  author={Kong, Fanwei and Wilson, Nathan and Shadden, Shawn},
  journal={Medical image analysis},
  volume={74},
  pages={102222},
  year={2021},
  publisher={Elsevier}
}

@article{prevalence,
  title={Prevalence of Congenital Heart Defects in Metropolitan Atlanta, 1998--2005},
  author={Reller, Mark D and Strickland, Matthew J and Riehle-Colarusso, Tiffany and Mahle, William T and Correa, Adolfo},
  journal={Obstetrical \& Gynecological Survey},
  volume={64},
  number={3},
  pages={156--157},
  year={2009},
  publisher={LWW}
}

@book{surgical_congenital,
  title={Comprehensive surgical management of congenital heart disease},
  author={Jonas, Richard},
  year={2002},
  publisher={CRC press}
}

@article{coronary_anomalies,
  title={Coronary artery anomalies overview: The normal and the abnormal},
  author={Villa, Adriana DM and Sammut, Eva and Nair, Arjun and Rajani, Ronak and Bonamini, Rodolfo and Chiribiri, Amedeo},
  journal={World journal of radiology},
  volume={8},
  number={6},
  pages={537},
  year={2016},
  publisher={Baishideng Publishing Group Inc}
}

@article{stanford,
  title={Vietnamese and Vietnamese-American health statistics, 2003-2019},
  author={Ta, Hillary and Lin, Bryant and Palaniappan, Latha},
  journal={CARE Data Brief},
  year={2020}
}

@article{tran,
  title={A fully convolutional neural network for cardiac segmentation in short-axis MRI},
  author={Tran, Phi Vu},
  journal={arXiv preprint arXiv:1604.00494},
  year={2016}
}